@MastersThesis{deb,
    author   =     {Debojyoti Das},
    title    =     {{Visual Motion Planning of Multiple Robots by Composing Roadmaps}},
    school   =     {IIT Kanpur},
    address  =     {India},
    year     =     {2015},
    }

@misc{ wiki_Baxter,
   author = "Wikipedia",
   title = "Baxter (robot) --- Wikipedia{,} The Free Encyclopedia",
   year = "2015",
   url = "\url{https://en.wikipedia.org/w/index.php?title=Baxter_(robot)&oldid=686089617}",
   note = "[Online; accessed 8-November-2015]"
 }

@article{bica,
    author    = "Divyanshu Bhartiya and Amitabha Mukerjee",
    title     = "A Visual Sense of Space",
    journal   = "Procedia",
    year      = "2015",
}

@book{choset,
  title={Principles of Robot Motion: Theory, Algorithms, and Implementation},
  author={Choset, H.M.},
  isbn={9780262033275},
  lccn={2004044906},
  series={A Bradford book},
  url={https://books.google.co.in/books?id=S3biKR21i-QC},
  year={2005},
  publisher={Prentice Hall of India}
}
